<record><leader>00000cas a22000007a 4500</leader><controlfield tag="001">19525545</controlfield><controlfield tag="008">890410d19381951pauwr ne      0    0eng d</controlfield><datafield ind1=" " ind2=" " tag="010"><subfield code="a">sn 89077949 </subfield></datafield><datafield ind1=" " ind2=" " tag="040"><subfield code="a">NPH</subfield><subfield code="b">eng</subfield><subfield code="c">NPH</subfield><subfield code="d">OCLCQ</subfield></datafield><datafield ind1=" " ind2=" " tag="042"><subfield code="a">msc</subfield></datafield><datafield ind1="0" ind2="4" tag="245"><subfield code="a">The Ephrata ensign.</subfield></datafield><datafield ind1=" " ind2=" " tag="260"><subfield code="a">Ephrata, Pa. :</subfield><subfield code="b">Ensigner Bros.,</subfield><subfield code="c">-1951.</subfield></datafield><datafield ind1=" " ind2=" " tag="300"><subfield code="a">v. :</subfield><subfield code="b">ill. ;</subfield><subfield code="c">57 cm.</subfield></datafield><datafield ind1=" " ind2=" " tag="310"><subfield code="a">Weekly</subfield></datafield><datafield ind1="1" ind2=" " tag="362"><subfield code="a">Began in 1938.</subfield></datafield><datafield ind1="0" ind2=" " tag="362"><subfield code="a">-v. 15, no. 22 (Oct. 4, 1951).</subfield></datafield><datafield ind1=" " ind2=" " tag="500"><subfield code="a">Prospectus issued, &lt;Sept. 22, 1938&gt;.</subfield></datafield><datafield ind1=" " ind2=" " tag="588"><subfield code="a">Description based on: Vol. 1, no. 2 (Sept. 22, 1938).</subfield></datafield><datafield ind1=" " ind2=" " tag="752"><subfield code="a">United States</subfield><subfield code="b">Pennsylvania</subfield><subfield code="c">Lancaster</subfield><subfield code="d">Ephrata.</subfield></datafield><datafield ind1="0" ind2="4" tag="785"><subfield code="t">Ephrata review</subfield><subfield code="w">(DLC)sn 86081662</subfield></datafield></record>